<record><leader>00000cas a22000007a 4500</leader><controlfield tag="001">23764349</controlfield><controlfield tag="008">910517d19381939aruwr ne      0    0eng d</controlfield><datafield ind1=" " ind2=" " tag="010"><subfield code="a">sn 91050050 </subfield></datafield><datafield ind1=" " ind2=" " tag="040"><subfield code="a">ANU</subfield><subfield code="b">eng</subfield><subfield code="c">ANU</subfield><subfield code="d">OCLCQ</subfield></datafield><datafield ind1=" " ind2=" " tag="042"><subfield code="a">msc</subfield></datafield><datafield ind1=" " ind2=" " tag="043"><subfield code="a">n-us-ar</subfield></datafield><datafield ind1="0" ind2="4" tag="245"><subfield code="a">The Waldo journal.</subfield></datafield><datafield ind1=" " ind2=" " tag="260"><subfield code="a">Waldo, Ark. :</subfield><subfield code="b">B.W. Barnes</subfield></datafield><datafield ind1=" " ind2=" " tag="300"><subfield code="a">v.</subfield></datafield><datafield ind1=" " ind2=" " tag="310"><subfield code="a">Weekly</subfield></datafield><datafield ind1="0" ind2=" " tag="362"><subfield code="a">Vol. 1, no. 1 (Feb. 4, 1938)-</subfield></datafield><datafield ind1="1" ind2=" " tag="362"><subfield code="a">Ceased in 1939.</subfield></datafield><datafield ind1=" " ind2="0" tag="651"><subfield code="a">Waldo (Ark.)</subfield><subfield code="v">Newspapers.</subfield></datafield><datafield ind1=" " ind2=" " tag="752"><subfield code="a">United States</subfield><subfield code="b">Arkansas</subfield><subfield code="c">Columbia</subfield><subfield code="d">Waldo.</subfield></datafield><datafield ind1="0" ind2="0" tag="785"><subfield code="t">Columbia County journal</subfield><subfield code="w">(DLC)sn 91050049</subfield></datafield><datafield ind1="1" ind2=" " tag="029"><subfield code="a">AU@</subfield><subfield code="b">000025856155</subfield></datafield></record>